
@article{li2008annual,
  author    = {Li, Feng},
  title     = {Annual Report Readability, Current Earnings, and Earnings Persistence},
  journal   = {Journal of Accounting and Economics},
  volume    = {45},
  number    = {2--3},
  pages     = {221--247},
  year      = {2008},
  month     = {June},
  doi       = {10.1016/j.jacceco.2008.02.003},
  publisher = {Elsevier}}

@article{loughran2014measuring,
  author    = {Loughran, Tim and McDonald, Bill},
  title     = {Measuring Readability in Financial Disclosures},
  journal   = {The Journal of Finance},
  volume    = {69},
  number    = {4},
  pages     = {1643--1671},
  year      = {2014},
  month     = {August},
  doi       = {10.1111/jofi.12162},
  publisher = {Wiley}}

@article{bonsall2017plain,
  author    = {Bonsall, Samuel B. and Leone, Andrew J. and Miller, Brian P. and Rennekamp, Kristina M.},
  title     = {A Plain English Measure of Financial Reporting Readability},
  journal   = {Journal of Accounting and Economics},
  volume    = {63},
  number    = {2-3},
  pages     = {329--357},
  year      = {2017},
  doi       = {10.1016/j.jacceco.2017.01.002},
  publisher = {Elsevier}}
